Books

isbn = {978-1119473862}
@book{ammous2018bitcoin,
    author = {Ammous, Saifedean},
    title = {\NoAutoSpaceBeforeFDP The Bitcoin Standard: The Decentralized Alternative to Central Banking},
    year = {2018},
    publisher = {Wiley Publishing}
}

isbn = {978-1544526478}
@book{ammous2021fiat,
    author = {Ammous, Saifedean},
    title = {\NoAutoSpaceBeforeFDP The Fiat Standard: The Debt Slavery Alternative to Human Civilization},
    year = {2021},
    publisher = {Saif House}
}

isbn = {978-1491954386}
@book{antonopoulos2017bitcoin,
    author = {Antonopoulos, Andreas M.},
    title = {\NoAutoSpaceBeforeFDP Mastering Bitcoin: Programming the Open Blockchain},
    year = {2017},
    publisher = {O'Reilly Media},
    edition = {2\ieme{} {\'e}dition}
}

isbn={978-1537000459}
@book{antonopoulos2016internet,
  author={Antonopoulos, Andreas M.},
  title={\NoAutoSpaceBeforeFDP The Internet of Money: A Collection of Talks by Andreas M. Antonopoulos},
  year={2016},
  publisher={Merkle Bloom},
  series={The Internet of Money Series}
}

isbn={978-1492054863}
@book{antonopoulos2022lightning,
  author={Antonopoulos, Andreas M. and Osuntokun, Olaoluwa and Pickhardt, Ren{\'e}},
  title={\NoAutoSpaceBeforeFDP Mastering the Lightning Network: A Second Layer Blockchain Protocol for Instant Bitcoin Payments},
  year={2022},
  publisher={O'Reilly Media}
}

@book{antonopoulos2022lightning,
  author={Antonopoulos, Andreas M. and Osuntokun, Olaoluwa and Pickhardt, Ren{\'e}},
  title={\NoAutoSpaceBeforeFDP Mastering the Lightning Network: A Second Layer Blockchain Protocol for Instant Bitcoin Payments},
  year={2022},
  publisher={O'Reilly Media}
}

Sophismes économiques
@book{bastiat2009sophismes,
  author    = {Bastiat, Fr{\'e}d{\'e}ric},
  title     = {Sophismes économiques},
  year      = {2005},
  publisher = {Les Belles Lettres}
}

@book{bastiat2009pamphlets,
  author    = {Bastiat, Fr{\'e}d{\'e}ric},
  title     = {Pamphlets},
  year      = {2009},
  publisher = {Les Belles Lettres}
}

isbn={979-8721895609}
@book{bier2021blocksize,
  title={\NoAutoSpaceBeforeFDP The Blocksize War: The Battle Over Who Controls Bitcoin's Protocol Rules},
  author={Bier, Jonathan},
  year={2021},
  publisher={Amazon KDP}
}

isbn = {978-1733871204}
@book{bickers2020clarity,
    author = {Bickers, Kiara},
    title = {\NoAutoSpaceBeforeFDP Bitcoin Clarity: The Complete Beginners Guide to Understanding},
    year = {2020},
    publisher = {Bickers \& Son},
}

isbn={978-1641991216}
@book{babg2020thank,
    author={{Bitcoin and Bible Group}},
    title={\NoAutoSpaceBeforeFDP Thank God for Bitcoin: The Creation, Corruption and Redemption of Money},
    year={2020},
    publisher={Whispering Candle}
}

isbn = {978-0691179490}
@book{brunton2019cash,
    author={Brunton, Finn},
    title={\NoAutoSpaceBeforeFDP Digital Cash: The Unknown History of the Anarchists, Utopians, and Technologists Who Created Cryptocurrency},
    year={2019},
    publisher = {Princeton University Press}
}

isbn={978-2271115546}
@book{favier2017acephale,
    author={Favier, Jacques and Takkal-Bataille, Adli},
    title={Bitcoin, la monnaie ac{\'e}phale},
    year={2017},
    publisher={CNRS {\'E}ditions}
}

isbn={978-2100790159}
@book{favier2018metamorphoses,
    author={Favier, Jacques and Huguet, Benoît and Takkal-Bataille, Adli},
    title={Bitcoin~: M{\'e}tamorphoses - De l'or des fous {\`a} l'or num{\'e}rique ?},
    year={2018},
    publisher={Dunod}
}

isbn={978-2940609338}
@book{favier2022petales,
    author={Favier, Jacques},
    title={La Monnaie {\`a} p{\'e}tales - Bitcoin et le mythe de la tulipe},
    year={2022},
    publisher={PVH {\'E}ditions}
}

isbn={978-1697526349}
@book{gigi2019lessons,
    author={Gigi, Der},
    title={\NoAutoSpaceBeforeFDP 21 Lessons: What I've Learned from Falling Down the Bitcoin Rabbit Hole},
    year={2019},
    publisher={Amazon KDP}
}

isbn={978-0142180495}
@book{greenberg2013machine,
  title={\NoAutoSpaceBeforeFDP This Machine Kills Secrets: Julian Assange, the Cypherpunks, and Their Fight to Empower Whistleblowers},
  author={Greenberg, Andy},
  year={2013},
  publisher={Penguin Publishing Group}
}

isbn={978-2130607281}
@book{hayek2015concurrence,
    author={Hayek, Friedrich A.},
    title={Pour une vraie concurrence des monnaies},
    year={2015},
    publisher={Presses Universitaires de France}
}

isbn={978-1610166812}
@book{hulsmann2018ethics,
  title={The Ethics of Money Production},
  author={H{\"u}lsmann, J{\"o}rg Guido},
  year={2018},
  publisher={Ludwig von Mises Institute},
  edition = {2\ieme{} {\'e}dition}
}

isbn={978-0977764921}
@book{konkin2006manifesto,
    author={Konkin, Samuel Edward},
    title={New Libertarian Manifesto},
    year={2006},
    publisher={KoPubCo},
    edition = {4\ieme{} {\'e}dition}
}

isbn={978-0977764945}
@book{konkin2008primer,
    author={Konkin, Samuel Edward},
    title={An Agorist Primer},
    year={2008},
    publisher={KoPubCo}
}

isbn={978-0062362506}
@book{popper2016gold,
    author={Popper, Nathaniel},
    title={\NoAutoSpaceBeforeFDP Digital Gold: Bitcoin and the Inside Story of the Misfits and Millionaires Trying to Reinvent Money},
    year={2016},
    publisher={Harper Paperbacks}
}

@book{menger2009origins,
    author={Menger, Carl},
    title={\NoAutoSpaceBeforeFDP On the Origins of Money},
    year={2009},
    publisher={Ludwig von Mises Institute}
}

isbn={978-1947910119}
@book{morgan2018inheritance,
    author={Morgan, Pamela},
    title={\NoAutoSpaceBeforeFDP Cryptoasset Inheritance Planning: A Simple Guide for Owners},
    year={2018},
    publisher={Merkle Bloom}
}

@book{mullan2016history,
  author={Mullan, P. Carl},
  title={A History of Digital Currency in the United States},
  year={2016},
  publisher={Palgrave Macmillan}
}

isbn={978-1794326316}
@book{pritzker2019inventing,
    author={Pritzker, Yan},
    title={\NoAutoSpaceBeforeFDP Inventing Bitcoin: The Technology Behind the First Truly Scarce and Decentralized Money Explained},
    year={2019},
    publisher={Amazon KDP}
}

isbn={978-9090360423}
@book{provoost2022progress,
    author={Provoost, Sjors},
    title={\NoAutoSpaceBeforeFDP Bitcoin - A Work in Progress: Technical innovations from the trenches},
    year={2022},
    publisher={Purple Dunes}
}

isbn={9781610163064}
@book{rothbard1990money,
  author={Rothbard, Murray N.},
  title={\NoAutoSpaceBeforeFDP What Has Government Done to Our Money?},
  year={1990},
  publisher={Ludwig von Mises Institute}
}

isbn={978-1731079961}
@book{serhack2018monero,
    author={SerHack},
    title={\NoAutoSpaceBeforeFDP Mastering Monero: The Future of Private Transactions},
    year={2018},
    publisher={Amazon KDP}
}

isbn={978-2204135948}
@book{thoorens2021cryptomonnaie,
  title={Cryptomonnaie - La nouvelle guerre},
  author={Thoorens, François-Xavier},
  year={2021},
  publisher={{\'E}ditions du Cerf}
}

isbn={979-8989132621}
@book{van2023genesis,
  title={\NoAutoSpaceBeforeFDP The Genesis Book: The Story of the People and Projects That Inspired Bitcoin},
  author={van Wirdum, Aaron},
  year={2024},
  publisher={Bitcoin Magazine Books}
}

isbn={978-1466893191}
@book{vinge2015true,
  author={Vinge, Vernor},
  title={True Names and the Opening of the Cyberspace Frontier},
  year={2001},
  publisher={Tor Publishing Group}
}

isbn={978-1735060828}
@book{voskuil2020cryptoeconomics,
    author={Voskuil, Eric},
    title={\NoAutoSpaceBeforeFDP Cryptoeconomics: Fundamental Principles of Bitcoin},
    year={2020},
    publisher={Amazon KDP}
}

isbn={978-0359327447}
@book{nakamoto2019kicking,
  title={\NoAutoSpaceBeforeFDP Kicking the Hornet's Nest: The Complete Writings, Emails, and Forum Posts of Satoshi Nakamoto, the Founder of Bitcoin and Cryptocurrency},
  author={{Mill Hill Books}},
  year={2019},
  publisher={Lulu.com}
}

@book{champagne2014satoshi,
  title={\NoAutoSpaceBeforeFDP The Book Of Satoshi: The Collected Writings of Bitcoin Creator Satoshi Nakamoto},
  author={Champagne, Phil},
  year={2014},
  publisher={e53 Publishing}
}

Articles

@article{hoppe1990banking,
  author={Hoppe, Hans-Hermann},
  title={\NoAutoSpaceBeforeFDP Banking, Nation States, and International Politics: A Sociological Reconstruction of the Present Economic Order},
  journal={The Review of Austrian Economics},
  volume={4},
  number={3},
  pages={pp. 55--87},
  year={1990},
  publisher={Lexington Books},
  url = {https://cdn.mises.org/rae4_1_3_3.pdf}
}

@article{chaum1985bigbrother,
  author = {Chaum, David L.},
  title = {\NoAutoSpaceBeforeFDP Security without Identification: Transaction Systems to Make Big Brother Obsolete},
  year = {1985},
  journal = {Communications of the ACM},
  publisher = {Association for Computing Machinery},
  volume = {28},
  number = {10},
  month = {oct},
  pages = {pp. 1030–-1044},
  numpages = {15}
}

Online texts

@online{dai1998bmoney,
  author = {Dai, Wei},
  title = {b-money},
  date = {1998-11-26},
  url = {http://www.weidai.com/bmoney.txt}
}

@online{hughes1993manifesto,
  author = {Hughes, Eric},
  title = {\NoAutoSpaceBeforeFDP A Cypherpunk's Manifesto},
  date = {1993-03-17},
  url = {https://cypherpunks.venona.com/date/1993/03/msg00392.html}
}

@online{may1992manifesto,
  author = {May, Timothy C.},
  title = {The Crypto Anarchist Manifesto},
  date = {1992-11-22},
  url = {https://cypherpunks.venona.com/date/1992/11/msg00204.html}
}

@online{may1994cyphernomicon,
  author = {May, Timothy C.},
  title = {The Cyphernomicon},
  date = {1994-09-10},
  url = {https://ia600208.us.archive.org/10/items/cyphernomicon/cyphernomicon.txt}
}

@online{nakamoto2008bitcoin,
  author = {Nakamoto, Satoshi},
  title = {\NoAutoSpaceBeforeFDP Bitcoin: A Peer-to-Peer Electronic Cash System},
  date = {2008-10-31},
  url = {https://gwern.net/doc/bitcoin/20081003-nakamoto-bitcoindraft.pdf}
}

@online{nakamoto2009bitcoin,
  author = {Nakamoto, Satoshi},
  title = {\NoAutoSpaceBeforeFDP Bitcoin: A Peer-to-Peer Electronic Cash System},
  year = {2009},
  month = {Mar},
  url = {https://bitcoin.org/bitcoin.pdf}
}

@online{szabo2005bitgold,
    author = {Szabo, Nicholas J.},
    title = {Bit gold},
    date = {2005-12-29},
    url = {https://unenumerated.blogspot.com/2005/12/bit-gold.html}
}
